@manual{sample,
  author = {TU Dortmund},
  title = {Versuchsanleitung, Versuch Nr. 207},
  year = 2015
}

@book{fehler,
  author = "Walcher, Wilhelm",
  title = "Praktikum der Physik",
  publisher = "Teubner",
  year = "1994",
  volume = "7",
  pages = "37--39",
}
