% This file was created with JabRef 2.10.
% Encoding: Cp1252


@Electronic{Konstanten,
  Title                    = {CODATA Recommended Values of the Fundamental Physical Constants},
  Month                    = {Juni},
  Url                      = {http://physics.nist.gov/cuu/Constants/index.html},
  Year                     = {2016},

  Owner                    = {Matze},
  Timestamp                = {2016.06.19}
}

@Misc{skript,
  Title                    = "TU Dortmund - Fachbereich Physik : Anfängerpraktikum Anleitung zu Versuch Nr. 500",
  HowPublished             = "http://129.217.224.2/HOMEPAGE/PHYSIKER/BACHELOR/AP/SKRIPT/V500.pdf",
  Month                    = "Juni",
  Year                     = "2016",

  Owner                    = "Matze",
  Timestamp                = "2016.06.19",
}

@Misc{wiki,
  Title                    = "Quecksilberdampflampe",
  HowPublished             = "https://de.wikipedia.org/wiki/Quecksilberdampflampe#cite_note-ReaderCorliss-6",
  Month                    = "März",
  Year                     = "2016",

  Owner                    = "Matze",
  Timestamp                = "2016.06.19",
}
