% This file was created with JabRef 2.10.
% Encoding: Cp1252


@Electronic{Konstanten,
  Title                    = {CODATA Recommended Values of the Fundamental Physical Constants},
  Month                    = {November},
  Url                      = {http://physics.nist.gov/cuu/Constants/index.html},
  Year                     = {2015},

  Owner                    = {Matze},
  Timestamp                = {2015.11.05}
}

@Misc{skript1,
  Title                    = "TU Dortmund - Fachbereich Physik : Anfängerpraktikum Anleitung zu Versuch Nr. 501",
  HowPublished             = "http://129.217.224.2/HOMEPAGE/PHYSIKER/BACHELOR/AP/SKRIPT/V501.pdf",
  Month                    = "Juli",
  Year                     = "2016",

  Owner                    = "Matze",
  Timestamp                = "2015.11.05",
}

@Misc{skript2,
  Title                    = "TU Dortmund - Fachbereich Physik : Anfängerpraktikum Anleitung zu Versuch Nr. 502",
  HowPublished             = "http://129.217.224.2/HOMEPAGE/PHYSIKER/BACHELOR/AP/SKRIPT/V502.pdf",
  Month                    = "Juli",
  Year                     = "2016",

  Owner                    = "Matze",
  Timestamp                = "2015.11.05",
}


@software{scipy,
  author = "Jones, Eric and Oliphant, Travis E. and Peterson, Pearu and others",
  title = "{SciPy}: Open source scientific tools for {Python}",
  url = "http://www.scipy.org/",
  version = "0.15.1",
}
