@manual{V201,
author = {TU Dortmund},
title = {Versuchsanleitung, Versuch Nr. 201},
year = 2015
}
