
@manual{V203,
author = {TU Dortmund},
title = {Versuchsanleitung, Versuch Nr. 203},
year = 2015

}

@manual{sample,
  author = {TU Dortmund},
  title = {Versuchsanleitung, Versuch Nr. 206},
  year = 2015
}
