% This file was created with JabRef 2.10.
% Encoding: Cp1252


@Electronic{chemie,
  Title                    = {chemie.de},
  Month                    = {June},
  Url                      = {http://www.chemie.de/},
  Year                     = {2016},

  Owner                    = {Matze},
  Timestamp                = {2016.06.27}
}

@Electronic{normaldruck,
  Title                    = {Uni-Frankfurt},
  Month                    = {June},
  Url                      = {https://elearning.physik.uni-frankfurt.de/data/FB13-PhysikOnline/lm_data/lm_324/daten/kap_17/node31.htm},
  Year                     = {2016},

  Owner                    = {Matze},
  Timestamp                = {2016.06.27}
}

@Misc{skript,
  Title                    = "TU Dortmund - Fachbereich Physik : Anf√§ngerpraktikum Anleitung zu Versuch Nr. 503",
  HowPublished             = "http://129.217.224.2/HOMEPAGE/PHYSIKER/BACHELOR/AP/SKRIPT/Millikan.pdf",
  Month                    = "June",
  Year                     = "2016",

  Owner                    = "Matze",
  Timestamp                = "2016.06.27",
}
