% This file was created with JabRef 2.10.
% Encoding: Cp1252


@Electronic{Konstanten,
  Title                    = {CODATA Recommended Values of the Fundamental Physical Constants},
  Month                    = {November},
  Url                      = {http://physics.nist.gov/cuu/Constants/index.html},
  Year                     = {2015},

  Owner                    = {Matze},
  Timestamp                = {2015.11.05}
}



@online{cd,
  author = {National Institue of Standards and Technology},
  title = {Basic Atomic Spectroscopic Data},
  date = {2016-06-07},
  url = {http://physics.nist.gov/PhysRefData/Handbook/Tables/cadmiumtable2_a.htm},
}

@online{skript,
  author = {TU Dortmund - Fachbereich Physik},
  title = {Anf√§ngerpraktikum Anleitung zu Versuch Nr. 402},
  date = {2016-06-07},
  url = {http://129.217.224.2/HOMEPAGE/PHYSIKER/BACHELOR/AP/SKRIPT/V402.pdf},
}
