% This file was created with JabRef 2.10.
% Encoding: Cp1252


@Electronic{Konstanten1,
  Title                    = {CODATA Recommended Values of the Fundamental Physical Constants},
  Month                    = {November},
  Url                      = {http://physics.nist.gov/cuu/Constants/index.html},
  Year                     = {2015},

  Owner                    = {Matze},
  Timestamp                = {2015.11.05}
}


@Misc{Quelle0,
  Title                    = "1. TU Dortmund - Fachbereich Physik : Anf√§ngerpraktikum Anleitung zum Versuch Nr. 401",
  HowPublished             = "\url{http://129.217.224.2/HOMEPAGE/PHYSIKER/BACHELOR/AP/SKRIPT/V401.pdf}",
  Year                     = "(6.7.2016)",

  Owner                    = "Matze",
  Timestamp                = "(2016.06.02)",
}

@Misc{Quelle2,
  Title                    = "3. chemicalbook.com: Brechungsindex Buten",
  HowPublished             = "\\ \url{http://www.chemicalbook.com/ChemicalProductProperty_DE_CB4763080.htm}",
  Year                     = "\\ (6.7.2016)",

  Owner                    = "Matze",
  Timestamp                = "(2016.06.02)",
}


@Misc{Quelle1,
  Title                    = "2. chemie.de: Brechungsindex Luft",
  HowPublished             = "\url{http://www.chemie.de/lexikon/Brechzahl.html}",
  Year                     = "(6.7.2016)",

  Owner                    = "Matze",
  Timestamp                = "(2016.06.02)",
}
