% This file was created with JabRef 2.10.
% Encoding: Cp1252


@Electronic{Konstanten,
  Title                    = {CODATA Recommended Values of the Fundamental Physical Constants},
  Month                    = {November},
  Url                      = {http://physics.nist.gov/cuu/Constants/index.html},
  Year                     = {2015},

  Owner                    = {Matze},
  Timestamp                = {2015.11.05}
}

@Misc{skript,
  Title                    = "TU Dortmund - Fachbereich Physik : Anf√§ngerpraktikum Anleitung zu Versuch Nr. 401",
  HowPublished             = {http://129.217.224.2/HOMEPAGE/PHYSIKER/BACHELOR/AP/SKRIPT/V401.pdf},
  Month                    = "Juni",
  Year                     = "2016",

  Owner                    = "Matze",
  Timestamp                = "2016.06.02",
}

@Electronic{kirchen,
  Title                    = {chemicalbook.com: Brechungsindex Buten},
  Month                    = {Juni},
  Url                      = {http://www.chemicalbook.com/ChemicalProductProperty_DE_CB4763080.htm},
  Year                     = {2016},

  Owner                    = {Matze},
  Timestamp                = {2016.06.02}
}

@Electronic{dingens,
  Title                    = {chemie.de: Brechungsindex Luft},
  Month                    = {Juni},
  Url                      = {http://www.chemie.de/lexikon/Brechzahl.html},
  Year                     = {2016},

  Owner                    = {Matze},
  Timestamp                = {2016.06.02}
}
