@manual{sample,
  author = {TU Dortmund},
  title = {Versuchsanleitung, Versuch Nr. 356},
  year = 2015,
  url = "http://129.217.224.2/HOMEPAGE/PHYSIKER/BACHELOR/AP/SKRIPT/V356.pdf"
}
