@manual{sample,
  author = {TU Dortmund},
  title = {Versuchsanleitung, Versuch Nr. 104},
  year = 2015,
  url = "http://129.217.224.2/HOMEPAGE/PHYSIKER/BACHELOR/AP/SKRIPT/V104.pdf"
}

@manual{bla,
  author = {Giancoli, D.C.},
  title = {Physik: Lehr- und Uebungsbuch},
  year = 2010,
  url = "https://books.google.de/books?id=blIf3HCpDy8C"
}
