% This file was created with JabRef 2.10.
% Encoding: Cp1252


@Electronic{Konstanten,
  Title                    = {CODATA Recommended Values of the Fundamental Physical Constants},
  Month                    = {November},
  Url                      = {http://physics.nist.gov/cuu/Constants/index.html},
  Year                     = {2015},

  Owner                    = {Matze},
  Timestamp                = {2015.11.05}
}

@Misc{skript,
  Title                    = "TU Dortmund - Fachbereich Physik : Anf√§ngerpraktikum Anleitung zu Versuch Nr. 602",
  HowPublished             = "http://129.217.224.2/HOMEPAGE/PHYSIKER/BACHELOR/AP/SKRIPT/RoentgenAbs.pdf",
  Month                    = "April",
  Year                     = "2016",

}

@Electronic{energie,
  Title                    = {Illinois Institute of Technology - Periodic Table},
  Month                    = {Mai},
  Url                      = {http://www.csrri.iit.edu/periodic-table.html},
  Year                     = {2016},

  Timestamp                = {2016.05.02}
}
