@manual{sample,
  author = {TU Dortmund},
  title = {Versuchsanleitung, Versuch Nr. 101},
  year = 2015,
  url = "http://129.217.224.2/HOMEPAGE/PHYSIKER/BACHELOR/AP/SKRIPT/V101.pdf"
}

@book{fehler,
  author = "Walcher, Wilhelm",
  title = "Praktikum der Physik",
  publisher = "Teubner",
  year = "1994",
  volume = "7",
  pages = "22-23",
}
