@manual{sample,
  author = {TU Dortmund},
  title = {Versuch zum Literaturverzeichnis},
  year = 2012,
  url = "http://129.217.224.2/HOMEPAGE/PHYSIKER/BACHELOR/AP/SKRIPT/V302.pdf"
}

@book{fehler,
  author = "Walcher, Wilhelm",
  title = "Praktikum der Physik",
  publisher = "Teubner",
  year = "1994",
  volume = "7",
  pages = "37--39",
}
