@manual{sample,
  author = {TU Dortmund},
  title = {V204: WÃ¤rmeleitung von Metallen},
  year = 2015,
  url = "http://129.217.224.2/HOMEPAGE/PHYSIKER/BACHELOR/AP/SKRIPT/Waermeleitf.pdf"
}

@manual{etb,
  author = {The Engineering ToolBox},
  title = {Thermal Conductivity of Materials and Gases},
  year = 2016,
  url = "http://www.engineeringtoolbox.com/thermal-conductivity-d_429.html"
}
